@book{tanenbaum_os,
  author = {Andrew S. Tanenbaum},
  title = {Modern Operating Systems},
  year = {2014},
  publisher = {Pearson}
}
